% Dies ist ein Beispiel wie eine Buchquelle aussehen könnte.
@BOOK
{
    Example1,
	AUTHOR = {Demtröder, W.},
	YEAR = {2010},
	TITLE = {Experimentalphysik 4 - Kern-, Teilchen- Und Astrophysik},
	EDITION = {3. Edition},
	ISBN = {978-3-642-01598-4},
	PUBLISHER = {Springer DE},
	ADDRESS = {Berlin},
	PAGES = {300},
    NOTE = {Seite 30},
}
% Dies ist ein Beispiel wie eine Quelle aus dem Internet aussehen könnte.
@MISC
{
    Xraylines,
	AUTHOR = {Lawrence Berkeley National Laboratory},
    NOTE = {\url{https://xdb.lbl.gov/Section1/Table_1-2.pdf}, last accessed 20.01.2024}
}

%Mit dem befehl \cite{Example1} kann auf diese Quellen verweisen werden. Nur wenn auf die Quellen verwiesen wurde, werden sie automatisch im Quellenverzeichnis chapters/Quellen.tex aufgelistet.