% Dies ist ein Beispiel wie eine Buchquelle aussehen könnte.
@BOOK
{
    Example1,
	AUTHOR = {Demtröder, W.},
	YEAR = {2010},
	TITLE = {Experimentalphysik 4 - Kern-, Teilchen- Und Astrophysik},
	EDITION = {3. Edition},
	ISBN = {978-3-642-01598-4},
	PUBLISHER = {Springer DE},
	ADDRESS = {Berlin},
	PAGES = {300},
    NOTE = {Seite 30},
}
% Dies ist ein Beispiel wie eine Quelle aus dem Internet aussehen könnte.
@MISC
{
    QMS,
	AUTHOR = {Wikipedia},
    NOTE = {\url{https://de.wikipedia.org/wiki/Quadrupol-Massenspektrometer}, letzter Zugriff 05.12.2023}
}
@MISC
{
    VorbereitungsMappe,
	AUTHOR = {KIT Physikalisches Institut},
    NOTE = {Vorbereitungsmappe, letzter Zugriff 05.12.2023}
}
@MISC
{
    MathieuscheDiff,
	AUTHOR = {Wikipedia},
    NOTE = {\url{https://en.wikipedia.org/wiki/Mathieu_function}, letzter Zugriff 05.12.2023}
}
@MISC
{
    Stoßion,
	AUTHOR = {Wikipedia},
    NOTE = {\url{https://de.wikipedia.org/wiki/Sto%C3%9Fionisation}, letzter Zugriff 05.12.2023}
}
@MISC
{
    Luft,
	AUTHOR = {Wikipedia},
    NOTE = {\url{https://de.wikipedia.org/wiki/Luft}, letzter Zugriff 19.12.2023}
}

%Mit dem befehl \cite{Example1} kann auf diese Quellen verweisen werden. Nur wenn auf die Quellen verwiesen wurde, werden sie automatisch im Quellenverzeichnis chapters/Quellen.tex aufgelistet.