% Dies ist ein Beispiel wie eine Buchquelle aussehen könnte.
@BOOK
{
    BlueBook,
	AUTHOR = {Joachim Wolf, F.K.Schmidt},
	YEAR = {2023},
	TITLE = {Introduction to the
Nuclear and Particle Physics Lab Course},
	EDITION = {September 1 2023},
}
% Dies ist ein Beispiel wie eine Quelle aus dem Internet aussehen könnte.
@MISC
{
    Example2,
	AUTHOR = {Testautor},
    NOTE = {\url{https://google.com}, letzter Zugriff 27.10.2021}
}

%Mit dem befehl \cite{Example1} kann auf diese Quellen verweisen werden. Nur wenn auf die Quellen verwiesen wurde, werden sie automatisch im Quellenverzeichnis chapters/Quellen.tex aufgelistet.